@article{einstein,
    author =       "Albert Einstein",
    title =        "{Zur Elektrodynamik bewegter K{\"o}rper}. ({German}) {On} the electrodynamics of moving bodies",
    journal =      "Annalen der Physik",
    volume =       "322",
    number =       "10",
    pages =        "891--921",
    year =         "1905",
    DOI =          "http://dx.doi.org/10.1002/andp.19053221004"
}

@book{latexcompanion,
    author    = "Michel Goossens and Frank Mittelbach and Alexander Samarin",
    title     = "The \LaTeX\ Companion",
    year      = "1993",
    publisher = "Addison-Wesley",
    address   = "Reading, Massachusetts"
}

@manual{knuthwebsite,
    author    = "Donald Knuth",
    title     = "Knuth: Computers and Typesetting",
    note       = "\url{http://www-cs-faculty.stanford.edu/~uno/abcde.html}",
	year	= "Accessed 21st October 2020"
}

@manual{Senn:2009,
      title  = "Using {\LaTeX} for Your Thesis",
      author = "Mark Senn",
      note   = "\url{http://engineering.purdue.edu/~mark/puthesis}",
      year   = "2009, accessed February 3, 2014"
}

@article{dummyentry,
    author =       "A. Nony Mouse",
    title =        "An Article Title",
    journal =      "Journal of Boring Results",
    volume =       "322",
    number =       "10",
    pages =        "891--921",
    year =         "1905",
    DOI =          "http://dx.doi.org/10.1002/andp.19053221004"
}