@article{small2014fluorophore,
  title={Fluorophore localization algorithms for super-resolution microscopy},
  author={Small, Alex and Stahlheber, Shane},
  journal={Nature methods},
  volume={11},
  number={3},
  pages={267--279},
  year={2014},
  publisher={Nature Publishing Group}
}
@article{van2019single,
  title={Single-molecule localization microscopy analysis with ImageJ},
  author={van de Linde, Sebastian},
  journal={Journal of Physics D: Applied Physics},
  volume={52},
  number={20},
  pages={203002},
  year={2019},
  publisher={IOP Publishing}
}
@article{van2011single,
  title={Single-molecule Photoswitching and Localization1},
  author={van de Linde, Sebastian and Wolter, Steve and Sauer, Markus},
  journal={Australian Journal of Chemistry},
  volume={64},
  number={5},
  pages={503--511},
  year={2011},
  publisher={CSIRO Publishing}
}
@article{galbraith2011super,
  title={Super-resolution microscopy at a glance},
  author={Galbraith, Catherine G and Galbraith, James A},
  journal={Journal of cell science},
  volume={124},
  number={10},
  pages={1607--1611},
  year={2011},
  publisher={Company of Biologists}
}
@phdthesis{calitz2015design,
  title={The design and implementation of a stellar gyroscope for accurate angular rate estimation on CubeSats},
  author={Calitz, Nico},
  year={2015},
  school={Stellenbosch: Stellenbosch University}
}
@article{rawashdeh2014image,
  title={Image-based attitude propagation for small satellites using RANSAC},
  author={Rawashdeh, Samir A and Lumpp, James E},
  journal={IEEE Transactions on Aerospace and Electronic Systems},
  volume={50},
  number={3},
  pages={1864--1875},
  year={2014},
  publisher={IEEE}
}
@article{stone1989comparison,
  title={A comparison of digital centering algorithms},
  author={Stone, Ronald C},
  journal={The Astronomical Journal},
  volume={97},
  pages={1227--1237},
  year={1989}
}
@article{delabie2014accurate,
  title={An accurate and efficient gaussian fit centroiding algorithm for star trackers},
  author={Delabie, Tjorven and De Schutter, Joris and Vandenbussche, Bart},
  journal={The Journal of the Astronautical Sciences},
  volume={61},
  number={1},
  pages={60--84},
  year={2014},
  publisher={Springer}
}
@article{zhai2011micro,
  title={Micro-pixel accuracy centroid displacement estimation and detector calibration},
  author={Zhai, Chengxing and Shao, Mike and Goullioud, Renaud and Nemati, Bijan},
  journal={Proceedings of the Royal Society A: Mathematical, Physical and Engineering Sciences},
  volume={467},
  number={2136},
  pages={3550--3569},
  year={2011},
  publisher={The Royal Society Publishing}
}
@article{wolter2012rapidstorm,
  title={rapidSTORM: accurate, fast open-source software for localization microscopy},
  author={Wolter, Steve and L{\"o}schberger, Anna and Holm, Thorge and Aufmkolk, Sarah and Dabauvalle, Marie-Christine and Van De Linde, Sebastian and Sauer, Markus},
  journal={Nature methods},
  volume={9},
  number={11},
  pages={1040--1041},
  year={2012},
  publisher={Nature Publishing Group}
}
@article{shannon1949communication,
  title={Communication in the presence of noise},
  author={Shannon, Claude Elwood},
  journal={Proceedings of the IRE},
  volume={37},
  number={1},
  pages={10--21},
  year={1949},
  publisher={IEEE}
}
@INPROCEEDINGS{6638050,
  author={Castorena, Juan and Creusere, Charles D.},
  booktitle={2013 IEEE International Conference on Acoustics, Speech and Signal Processing}, 
  title={Sub-spot localization for spatial super-resolved LIDAR}, 
  year={2013},
  volume={},
  number={},
  pages={2227-2231},
  doi={10.1109/ICASSP.2013.6638050}}

@article{richards1959electromagnetic,
  title={Electromagnetic diffraction in optical systems, II. Structure of the image field in an aplanatic system},
  author={Richards, Bernard and Wolf, Emil},
  journal={Proceedings of the Royal Society of London. Series A. Mathematical and Physical Sciences},
  volume={253},
  number={1274},
  pages={358--379},
  year={1959},
  publisher={The Royal Society London}
}
@book{graf1997modern,
  title={Modern Dictionary of Electronics},
  author={Graf, R.F.},
  isbn={9780750698702},
  lccn={96025894},
  url={https://books.google.co.uk/books?id=fFil8bqpozYC},
  year={1997},
  publisher={Newnes}
}
@incollection{DEMPSEY2013561,
title = {Chapter 24 - A Userâ€™s Guide to Localization-Based Super-Resolution Fluorescence Imaging},
editor = {Greenfield Sluder and David E. Wolf},
series = {Methods in Cell Biology},
publisher = {Academic Press},
volume = {114},
pages = {561-592},
year = {2013},
booktitle = {Digital Microscopy},
issn = {0091-679X},
doi = {https://doi.org/10.1016/B978-0-12-407761-4.00024-5},
url = {https://www.sciencedirect.com/science/article/pii/B9780124077614000245},
author = {Graham T. Dempsey},
keywords = {Super-resolution, Fluorescence, Localization, Photoswitching, Probes, STORM, PALM, FPALM},
abstract = {Advances in far-field fluorescence microscopy over the past decade have led to the development of super-resolution imaging techniques that provide more than an order of magnitude improvement in spatial resolution compared to conventional light microscopy. One such approach, called Stochastic Optical Reconstruction Microscopy (STORM) uses the sequential, nanometer-scale localization of individual fluorophores to reconstruct a high-resolution image of a structure of interest. This is an attractive method for biological investigation at the nanoscale due to its relative simplicity, both conceptually and practically in the laboratory. Like most research tools, however, the devil is in the details. The aim of this chapter is to serve as a guide for applying STORM to the study of biological samples. This chapter will discuss considerations for choosing a photoswitchable fluorescent probe, preparing a sample, selecting hardware for data acquisition, and collecting and analyzing data for image reconstruction.}
}
@book{tinnefeld2015far,
  title={Far-field optical nanoscopy},
  author={Tinnefeld, Philip and Eggeling, Christian and Hell, Stefan W},
  volume={14},
  year={2015},
  publisher={Springer}
}
@article{auer1978digital,
  title={Digital image centering. II},
  author={Auer, LH and Van Altena, WF},
  journal={The Astronomical Journal},
  volume={83},
  pages={531--537},
  year={1978}
}


@misc{bagley,
  author = {Bagley, Doug},
  title = {Which programming language is fastest?},
  year = 2001,
  url = {https://benchmarksgame-team.pages.debian.net/benchmarksgame/index.html},
  note = {https://benchmarksgame-team.pages.debian.net/benchmarksgame/index.html},
  urldate = {2022-03-25}
}
